<?xml version="1.0" encoding="UTF-8" ?>
<collection xmlns:xsi="http://www.w3.org/2001/XMLSchema-instance" xsi:schemaLocation="http://www.loc.gov/MARC21/slim http://www.loc.gov/standards/marcxml/schema/MARC21slim.xsd" xmlns="http://www.loc.gov/MARC21/slim">
   <record>
      <leader>     mam a22      a 4500</leader>
      <controlfield tag="001">1911783</controlfield>
      <controlfield tag="003">NIC</controlfield>
      <controlfield tag="005">20131211191047.0</controlfield>
      <controlfield tag="008">831102m18729999ua           f000 0 arar </controlfield>
      <datafield tag="035" ind1=" " ind2=" ">
         <subfield code="a">(NIC)notisAJX4216</subfield>
      </datafield>
      <datafield tag="035" ind1=" " ind2=" ">
         <subfield code="a">(OCoLC)43184743</subfield>
      </datafield>
      <datafield tag="035" ind1=" " ind2=" ">
         <subfield code="a">1911783</subfield>
      </datafield>
      <datafield tag="040" ind1=" " ind2=" ">
         <subfield code="a">NIC</subfield>
         <subfield code="c">NIC</subfield>
      </datafield>
      <datafield tag="100" ind1="1" ind2=" ">
         <subfield code="a">Marṣafī, Ḣusayn.</subfield>
      </datafield>
      <datafield tag="245" ind1="1" ind2="3">
         <subfield code="a">al-Wasīlah al-adabīyah ilá al-ʻulūm al-ʻArabīyah /</subfield>
         <subfield code="c">taʾlīf Ḥusayn al-Marṣafī.</subfield>
      </datafield>
      <datafield tag="250" ind1=" " ind2=" ">
         <subfield code="a">Ṭabʻah 1.</subfield>
      </datafield>
      <datafield tag="260" ind1=" " ind2=" ">
         <subfield code="a">[al-Qāhirah] :</subfield>
         <subfield code="b">Maṭbaʻat al-Madāris al-Malakīyah,</subfield>
         <subfield code="c">1289-[i.e. 1872 or 3-]</subfield>
      </datafield>
      <datafield tag="300" ind1=" " ind2=" ">
         <subfield code="a">v. ;</subfield>
         <subfield code="c">25 cm.</subfield>
      </datafield>
      <datafield tag="650" ind1=" " ind2="0">
         <subfield code="a">Arabic philology</subfield>
         <subfield code="x">Early works to 1800.</subfield>
      </datafield>
      <datafield tag="650" ind1=" " ind2="0">
         <subfield code="a">Arabic language</subfield>
         <subfield code="x">Rhetoric.</subfield>
      </datafield>
      <datafield tag="700" ind1="1" ind2=" ">
         <subfield code="a">Marṣafī, Ḥusayn.</subfield>
      </datafield>
      <datafield tag="903" ind1=" " ind2="1">
         <subfield code="a">Google</subfield>
         <subfield code="d">20120911</subfield>
         <subfield code="p">31924068104490</subfield>
         <subfield code="v">juz 1 </subfield>
      </datafield>
      <datafield tag="903" ind1=" " ind2=" ">
         <subfield code="a">Google</subfield>
         <subfield code="d">20120911</subfield>
         <subfield code="p">31924074417043</subfield>
         <subfield code="v">juz 2 </subfield>
      </datafield>
      <datafield tag="903" ind1=" " ind2=" ">
         <subfield code="a">NYUACO</subfield>
         <subfield code="d">20131119</subfield>
         <subfield code="p">31924068104490</subfield>
      </datafield>
      <datafield tag="903" ind1=" " ind2=" ">
         <subfield code="a">NYUACO</subfield>
         <subfield code="d">20131119</subfield>
         <subfield code="p">31924074417043</subfield>
      </datafield>
      <datafield tag="905" ind1=" " ind2=" ">
         <subfield code="a">19930908120000.0</subfield>
      </datafield>
      <datafield tag="948" ind1="2" ind2=" ">
         <subfield code="a">20100407</subfield>
         <subfield code="b">m</subfield>
         <subfield code="d">batch</subfield>
         <subfield code="e">lts</subfield>
         <subfield code="x">del9XXtxt</subfield>
      </datafield>
      <datafield tag="952" ind1=" " ind2=" ">
         <subfield code="b">olin</subfield>
         <subfield code="h">PJ6070</subfield>
         <subfield code="i">.M37</subfield>
      </datafield>
      <datafield tag="995" ind1=" " ind2=" ">
         <subfield code="a">Hivolm</subfield>
         <subfield code="d">20100407</subfield>
      </datafield>
      <datafield tag="903" ind1=" " ind2=" ">
         <subfield code="a">NYUACO</subfield>
         <subfield code="d">20140402</subfield>
         <subfield code="p">31924068104490</subfield>
      </datafield>
      <datafield tag="950" ind1=" " ind2=" ">
         <subfield code="a">PJ6070</subfield>
         <subfield code="b">.M37</subfield>
         <subfield code="v">juz 1 </subfield>
      </datafield>
      <datafield tag="903" ind1=" " ind2=" ">
         <subfield code="a">NYUACO</subfield>
         <subfield code="d">20140402</subfield>
         <subfield code="p">31924074417043</subfield>
      </datafield>
      <datafield tag="950" ind1=" " ind2=" ">
         <subfield code="a">PJ6070</subfield>
         <subfield code="b">.M37</subfield>
         <subfield code="v">juz 2 </subfield>
      </datafield>
   </record>
</collection>
